<collection xmlns="http://www.loc.gov/MARC21/slim">
   <record>
      <leader>02921nam a2200457 i 4500</leader>
      <controlfield tag="001">6799915</controlfield>
      <controlfield tag="003">StDuBDS</controlfield>
      <controlfield tag="005">20150101193038.0</controlfield>
      <controlfield tag="006">m||||||||d||||||||</controlfield>
      <controlfield tag="007">cr |||||||||||</controlfield>
      <controlfield tag="008">141118s2015    ctua   fo|    001|0|eng|d</controlfield>
      <datafield ind1=" " ind2=" " tag="020">
         <subfield code="a">9780300210804 (ebook) :</subfield>
         <subfield code="c">No price</subfield>
      </datafield>
      <datafield ind1=" " ind2=" " tag="035">
         <subfield code="a">ocn902984757</subfield>
      </datafield>
      <datafield ind1=" " ind2=" " tag="039">
         <subfield code="a">exclude</subfield>
      </datafield>
      <datafield ind1=" " ind2=" " tag="040">
         <subfield code="a">StDuBDS</subfield>
         <subfield code="b">eng</subfield>
         <subfield code="c">StDuBDS</subfield>
         <subfield code="e">rda</subfield>
         <subfield code="e">pn</subfield>
         <subfield code="d">AEU</subfield>
      </datafield>
      <datafield ind1=" " ind2="0" tag="050">
         <subfield code="a">HQ792.U5</subfield>
         <subfield code="b">G55 2015</subfield>
      </datafield>
      <datafield ind1="0" ind2="4" tag="082">
         <subfield code="a">305.231</subfield>
         <subfield code="2">23</subfield>
      </datafield>
      <datafield ind1=" " ind2=" " tag="090">
         <subfield code="a">Internet Access</subfield>
         <subfield code="b">AEU</subfield>
      </datafield>
      <datafield ind1="0" ind2="2" tag="245">
         <subfield code="a">A girl's childhood :</subfield>
         <subfield code="b">psychological development, social change, and the Yale Child Study Center /</subfield>
         <subfield code="c">Linda C. Mayes, Stephen Lassonde, and Deborah Weinstein.</subfield>
      </datafield>
      <datafield ind1=" " ind2="1" tag="264">
         <subfield code="a">New Haven :</subfield>
         <subfield code="b">Yale University Press,</subfield>
         <subfield code="c">2015.</subfield>
      </datafield>
      <datafield ind1=" " ind2=" " tag="300">
         <subfield code="a">1 online resource :</subfield>
         <subfield code="b">illustrations (black and white)</subfield>
      </datafield>
      <datafield ind1=" " ind2=" " tag="336">
         <subfield code="a">text</subfield>
         <subfield code="2">rdacontent</subfield>
         <subfield code="0">http://id.loc.gov/vocabulary/contentTypes/txt</subfield>
      </datafield>
      <datafield ind1=" " ind2=" " tag="336">
         <subfield code="a">still image</subfield>
         <subfield code="2">rdacontent</subfield>
         <subfield code="0">http://id.loc.gov/vocabulary/contentTypes/sti</subfield>
      </datafield>
      <datafield ind1=" " ind2=" " tag="337">
         <subfield code="a">computer</subfield>
         <subfield code="2">rdamedia</subfield>
         <subfield code="0">http://id.loc.gov/vocabulary/mediaTypes/c</subfield>
      </datafield>
      <datafield ind1=" " ind2=" " tag="338">
         <subfield code="a">online resource</subfield>
         <subfield code="2">rdacarrier</subfield>
         <subfield code="0">http://id.loc.gov/vocabulary/carriers/cr</subfield>
      </datafield>
      <datafield ind1=" " ind2=" " tag="504">
         <subfield code="a">Includes bibliographical references and index.</subfield>
      </datafield>
      <datafield ind1=" " ind2=" " tag="506">
         <subfield code="a">Access restricted to authorized users and institutions.</subfield>
      </datafield>
      <datafield ind1="8" ind2=" " tag="520">
         <subfield code="a">60 years ago the Yale Child Study Center planned to formulate a general psychoanalytic theory of children's early development. The group's expert members composed detailed narratives about their work with the study's children, interviewed families regularly and visited them in their homes, and over the course of a decade met monthly for discussion. This book considers the significance of the Child Study Center's landmark study from various perspectives, focusing particularly on one child's unfolding sense of herself, her gender, and her relationships.</subfield>
      </datafield>
      <datafield ind1=" " ind2=" " tag="588">
         <subfield code="a">Description based on online resource; title from home page (viewed on December 3, 2014).</subfield>
      </datafield>
      <datafield ind1=" " ind2=" " tag="596">
         <subfield code="a">44</subfield>
      </datafield>
      <datafield ind1=" " ind2="0" tag="650">
         <subfield code="a">Child development</subfield>
         <subfield code="z">United States</subfield>
         <subfield code="x">Longitudinal studies.</subfield>
      </datafield>
      <datafield ind1=" " ind2="0" tag="650">
         <subfield code="a">Children</subfield>
         <subfield code="z">United States</subfield>
         <subfield code="x">Longitudinal studies.</subfield>
      </datafield>
      <datafield ind1=" " ind2="0" tag="650">
         <subfield code="a">Parent and child</subfield>
         <subfield code="z">United States</subfield>
         <subfield code="x">Longitudinal studies.</subfield>
      </datafield>
      <datafield ind1="1" ind2=" " tag="700">
         <subfield code="a">Mayes, Linda C.,</subfield>
         <subfield code="e">editor.</subfield>
         <subfield code="0">http://id.loc.gov/authorities/names/n00096270</subfield>
         <subfield code="0">http://viaf.org/viaf/330696</subfield>
      </datafield>
      <datafield ind1="1" ind2=" " tag="700">
         <subfield code="a">Lassonde, Stephen,</subfield>
         <subfield code="e">editor.</subfield>
         <subfield code="0">http://id.loc.gov/authorities/names/no2005061320</subfield>
         <subfield code="0">http://viaf.org/viaf/5219483</subfield>
      </datafield>
      <datafield ind1="1" ind2=" " tag="700">
         <subfield code="a">Weinstein, Deborah,</subfield>
         <subfield code="d">1971-</subfield>
         <subfield code="e">contributor.</subfield>
         <subfield code="0">http://id.loc.gov/authorities/names/no2012094510</subfield>
         <subfield code="0">http://viaf.org/viaf/253436027</subfield>
      </datafield>
      <datafield ind1=" " ind2=" " tag="758">
         <subfield code="0">http://worldcat.org/entity/work/id/24515414</subfield>
      </datafield>
      <datafield ind1="0" ind2=" " tag="787">
         <subfield code="n">OCLC Work Id</subfield>
         <subfield code="o">http://worldcat.org/entity/work/id/24515414</subfield>
      </datafield>
      <datafield ind1="4" ind2="0" tag="856">
         <subfield code="3">University of Alberta Access</subfield>
         <subfield code="u">http://dx.doi.org/10.12987/yale/9780300117592.001.0001</subfield>
         <subfield code="z">(Unlimited Concurrent Users)</subfield>
      </datafield>
      <datafield ind1=" " ind2=" " tag="949">
         <subfield code="h">UAIN</subfield>
         <subfield code="z">UPSO</subfield>
      </datafield>
      <datafield ind1=" " ind2=" " tag="926">
         <subfield code="a">Internet Access</subfield>
         <subfield code="w">LC</subfield>
         <subfield code="c">1</subfield>
         <subfield code="i">6799915-1001</subfield>
         <subfield code="l">INTERNET</subfield>
         <subfield code="m">UAINTERNET</subfield>
         <subfield code="r">Y</subfield>
         <subfield code="s">Y</subfield>
         <subfield code="t">E-RESOURCE</subfield>
         <subfield code="u">2/6/2015</subfield>
         <subfield code="x">E-BOOK</subfield>
         <subfield code="z">UPSO</subfield>
      </datafield>
   </record>
</collection>
